<?xml version="1.0" encoding="UTF-8"?><collection xmlns="http://www.loc.gov/MARC21/slim"><record><leader>00595nam--2200193-i-4500</leader><controlfield tag="001">000014087</controlfield><controlfield tag="002">20161230</controlfield><controlfield tag="005">20161230201030</controlfield><controlfield tag="008">060222s1000------------r-----000-0-eng-d</controlfield><datafield ind1=" " ind2=" " tag="040"><subfield code="a">IFIN-HH</subfield></datafield><datafield ind1=" " ind2=" " tag="080"><subfield code="a">801.323.2=20=590</subfield></datafield><datafield ind1="1" ind2=" " tag="100"><subfield code="a">Nicolescu, Adrian</subfield></datafield><datafield ind1="1" ind2="0" tag="245"><subfield code="a">Dictionar frazeologic englez-roman</subfield><subfield code="c">Adrian nicolescu, liliana pamfil-teodoreanu, ioan preda, mircea tatos</subfield></datafield><datafield ind1=" " ind2=" " tag="250"><subfield code="a">Editia A Ii-a, Revizuita Si Adaugita</subfield></datafield><datafield ind1=" " ind2=" " tag="260"><subfield code="a">Bucuresti</subfield><subfield code="b">Editura Stiintifica Si Enciclopedica</subfield></datafield><datafield ind1=" " ind2=" " tag="300"><subfield code="a">567P</subfield></datafield><datafield ind1="1" ind2=" " tag="700"><subfield code="a">Tatos, Mircea</subfield></datafield><datafield ind1=" " ind2=" " tag="852"><subfield code="a">D.574</subfield><subfield code="c">SLG</subfield></datafield><datafield ind1=" " ind2=" " tag="CAT"><subfield code="a">Sys</subfield><subfield code="c">20130212</subfield><subfield code="h">120653</subfield></datafield></record></collection>